@inproceedings{reduce,
  title={Reduce, reuse, recycle: Compositional generation with energy-based diffusion models and mcmc},
  author={Du, Yilun and Durkan, Conor and Strudel, Robin and Tenenbaum, Joshua B and Dieleman, Sander and Fergus, Rob and Sohl-Dickstein, Jascha and Doucet, Arnaud and Grathwohl, Will Sussman},
  booktitle={International conference on machine learning},
  pages={8489--8510},
  year={2023},
  organization={PMLR}
}

@misc{liu2023compositionalvisualgenerationcomposable,
      title={Compositional Visual Generation with Composable Diffusion Models}, 
      author={Nan Liu and Shuang Li and Yilun Du and Antonio Torralba and Joshua B. Tenenbaum},
      year={2023},
      eprint={2206.01714},
      archivePrefix={arXiv},
      primaryClass={cs.CV},
      url={https://arxiv.org/abs/2206.01714}, 
}

@misc{bradley2025mechanismsprojectivecompositiondiffusion,
      title={Mechanisms of Projective Composition of Diffusion Models}, 
      author={Arwen Bradley and Preetum Nakkiran and David Berthelot and James Thornton and Joshua M. Susskind},
      year={2025},
      eprint={2502.04549},
      archivePrefix={arXiv},
      primaryClass={cs.LG},
      url={https://arxiv.org/abs/2502.04549}, 
}